<?xml version="1.0" encoding="UTF-8"?><collection xmlns="http://www.loc.gov/MARC21/slim"><record><leader>00454nam--2200169-i-4500</leader><controlfield tag="001">000023017</controlfield><controlfield tag="002">20161230</controlfield><controlfield tag="005">20161230201034</controlfield><controlfield tag="008">060222s1000------------r-----000-0-eng-d</controlfield><datafield ind1=" " ind2=" " tag="040"><subfield code="a">IFIN-HH</subfield></datafield><datafield ind1=" " ind2=" " tag="080"><subfield code="a">530.1:53.02</subfield></datafield><datafield ind1="1" ind2=" " tag="100"><subfield code="a">Hylleraas, Egil A</subfield></datafield><datafield ind1="1" ind2="0" tag="245"><subfield code="a">Mathematical and theoretical physics</subfield><subfield code="c">Egil a. hylleraas</subfield></datafield><datafield ind1=" " ind2=" " tag="260"><subfield code="a">New York</subfield><subfield code="b">Wiley-interscience</subfield><subfield code="c">1970</subfield></datafield><datafield ind1=" " ind2=" " tag="300"><subfield code="a">XXII + 485 P</subfield></datafield><datafield ind1=" " ind2=" " tag="852"><subfield code="a">33740</subfield><subfield code="c">530.1</subfield></datafield><datafield ind1=" " ind2=" " tag="CAT"><subfield code="a">Sys</subfield><subfield code="c">20130620</subfield><subfield code="h">133629</subfield></datafield></record></collection>